%% This BibTeX bibliography file was created using BibDesk.
%% http://bibdesk.sourceforge.net/


%% Created for Natalie Cooper at 2023-07-04 14:01:43 +0100 


%% Saved with string encoding Unicode (UTF-8) 

@article{jombart2017treespace,
  title={treespace: Statistical exploration of landscapes of phylogenetic trees},
  author={Jombart, Thibaut and Kendall, Michelle and Almagro-Garcia, Jacob and Colijn, Caroline},
  journal={Molecular ecology resources},
  volume={17},
  number={6},
  pages={1385--1392},
  year={2017},
  publisher={Wiley Online Library}
}

@article{plummer2006coda,
  title={CODA: convergence diagnosis and output analysis for MCMC},
  author={Plummer, Martyn and Best, Nicky and Cowles, Kate and Vines, Karen and others},
  journal={R news},
  volume={6},
  number={1},
  pages={7--11},
  year={2006}
}

@article{gelman1992inference,
  title={Inference from iterative simulation using multiple sequences},
  author={Gelman, Andrew and Rubin, Donald B},
  journal={Statistical science},
  volume={7},
  number={4},
  pages={457--472},
  year={1992},
  publisher={Institute of Mathematical Statistics}
}

@article{tomiya2021carnivorous,
  title={Carnivorous mammals from the middle Eocene Washakie Formation, Wyoming, USA, and their diversity trajectory in a post-warming world},
  author={Tomiya, Susumu and Zack, Shawn P and Spaulding, Michelle and Flynn, John J},
  journal={Journal of Paleontology},
  volume={95},
  number={S82},
  pages={1--115},
  year={2021},
  publisher={Cambridge University Press New York, USA}
}

@article{marshall2017five,
  title={Five palaeobiological laws needed to understand the evolution of the living biota},
  author={Marshall, Charles R},
  journal={Nature ecology \& evolution},
  volume={1},
  number={6},
  pages={0165},
  year={2017},
  publisher={Nature Publishing Group UK London}
}

@article{gavryushkina2017bayesian,
  title={Bayesian total-evidence dating reveals the recent crown radiation of penguins},
  author={Gavryushkina, Alexandra and Heath, Tracy A and Ksepka, Daniel T and Stadler, Tanja and Welch, David and Drummond, Alexei J},
  journal={Systematic biology},
  volume={66},
  number={1},
  pages={57--73},
  year={2017},
  publisher={Oxford University Press}
}

@article{heath2014fossilized,
  title={The fossilized birth--death process for coherent calibration of divergence-time estimates},
  author={Heath, Tracy A and Huelsenbeck, John P and Stadler, Tanja},
  journal={Proceedings of the National Academy of Sciences},
  volume={111},
  number={29},
  pages={E2957--E2966},
  year={2014},
  publisher={National Acad Sciences}
}

@article{lanfear2017partitionfinder,
  title={PartitionFinder 2: new methods for selecting partitioned models of evolution for molecular and morphological phylogenetic analyses},
  author={Lanfear, Robert and Frandsen, Paul B and Wright, April M and Senfeld, Tereza and Calcott, Brett},
  journal={Molecular biology and evolution},
  volume={34},
  number={3},
  pages={772--773},
  year={2017},
  publisher={Oxford University Press}
}

@article{bouckaert2014beast,
  title={BEAST 2: a software platform for Bayesian evolutionary analysis},
  author={Bouckaert, Remco and Heled, Joseph and K{\"u}hnert, Denise and Vaughan, Tim and Wu, Chieh-Hsi and Xie, Dong and Suchard, Marc A and Rambaut, Andrew and Drummond, Alexei J},
  journal={PLoS computational biology},
  volume={10},
  number={4},
  pages={e1003537},
  year={2014},
  publisher={Public Library of Science San Francisco, USA}
}

@article{paradis2019ape,
  title={ape 5.0: an environment for modern phylogenetics and evolutionary analyses in R},
  author={Paradis, Emmanuel and Schliep, Klaus},
  journal={Bioinformatics},
  volume={35},
  number={3},
  pages={526--528},
  year={2019},
  publisher={Oxford University Press}
}

@article{ronquist2012mrbayes,
  title={MrBayes 3.2: efficient Bayesian phylogenetic inference and model choice across a large model space},
  author={Ronquist, Fredrik and Teslenko, Maxim and Van Der Mark, Paul and Ayres, Daniel L and Darling, Aaron and H{\"o}hna, Sebastian and Larget, Bret and Liu, Liang and Suchard, Marc A and Huelsenbeck, John P},
  journal={Systematic biology},
  volume={61},
  number={3},
  pages={539--542},
  year={2012},
  publisher={Oxford University Press}
}

@article{goloboff2008tnt,
  title={TNT, a free program for phylogenetic analysis},
  author={Goloboff, Pablo A and Farris, James S and Nixon, Kevin C},
  journal={Cladistics},
  volume={24},
  number={5},
  pages={774--786},
  year={2008},
  publisher={Wiley Online Library}
}

@article{peters2016paleobiology,
  title={The Paleobiology Database application programming interface},
  author={Peters, Shanan E and McClennen, Michael},
  journal={Paleobiology},
  volume={42},
  number={1},
  pages={1--7},
  year={2016},
  publisher={Cambridge University Press}
}

@article{fulton2010multiple,
  title={Multiple markers and multiple individuals refine true seal phylogeny and bring molecules and morphology back in line},
  author={Fulton, Tara Lynn and Strobeck, Curtis},
  journal={Proceedings of the Royal Society B: Biological Sciences},
  volume={277},
  number={1684},
  pages={1065--1070},
  year={2010},
  publisher={The Royal Society}
}

@article{lopes2021phylogenomic,
  title={Phylogenomic discordance in the eared seals is best explained by incomplete lineage sorting following explosive radiation in the southern hemisphere},
  author={Lopes, Fernando and Oliveira, Larissa R and Kessler, Amanda and Beux, Yago and Crespo, Enrique and C{\'a}rdenas-Alayza, Susana and Majluf, Patricia and Sep{\'u}lveda, Maritza and Brownell Jr, Robert L and Franco-Trecu, Valentina and others},
  journal={Systematic biology},
  volume={70},
  number={4},
  pages={786--802},
  year={2021},
  publisher={Oxford University Press}
}

@article{lloyd2016probabilistic,
  title={Probabilistic divergence time estimation without branch lengths: dating the origins of dinosaurs, avian flight and crown birds},
  author={Lloyd, GT and Bapst, DW and Friedman, M and Davis, KE},
  journal={Biology letters},
  volume={12},
  number={11},
  pages={20160609},
  year={2016},
  publisher={The Royal Society}

@article{lloyd2021total,
  title={A total-group phylogenetic metatree for Cetacea and the importance of fossil data in diversification analyses},
  author={Lloyd, Graeme T and Slater, Graham J},
  journal={Systematic Biology},
  volume={70},
  number={5},
  pages={922--939},
  year={2021},
  publisher={Oxford University Press}

@article{ree2008maximum,
	author = {Ree, Richard H and Smith, Stephen A},
	date-added = {2023-07-04 13:58:37 +0100},
	date-modified = {2023-07-04 13:58:47 +0100},
	journal = {Systematic Biology},
	pages = {4--14},
	publisher = {Oxford University Press},
	title = {Maximum likelihood inference of geographic range evolution by dispersal, local extinction, and cladogenesis},
	volume = {57},
	year = {2008}}

@article{matzke2014model,
	author = {Matzke, Nicholas J},
	date-added = {2023-07-04 13:49:08 +0100},
	date-modified = {2023-07-04 13:49:08 +0100},
	journal = {Systematic Biology},
	pages = {951--970},
	publisher = {Oxford University Press},
	title = {Model selection in historical biogeography reveals that founder-event speciation is a crucial process in island clades},
	volume = {63},
	year = {2014}}

@article{matzke2013probabilistic,
	author = {Matzke, Nicholas J},
	date-added = {2023-07-04 13:46:40 +0100},
	date-modified = {2023-07-04 13:47:25 +0100},
	journal = {Frontiers of Biogeography},
	pages = {242-248},
	publisher = {University of California, Berkeley},
	title = {Probabilistic historical biogeography: new models for founder-event speciation, imperfect detection, and fossils allow improved accuracy and model-testing},
	volume = {5},
	year = {2013}}
	
@article{gladenkov2002refined,
  title={A refined age for the earliest opening of Bering Strait},
  author={Gladenkov, Andrey Yu and Oleinik, Anton E and Marincovich Jr, Louie and Barinov, Konstantin B},
  journal={Palaeogeography, Palaeoclimatology, Palaeoecology},
  volume={183},
  pages={321--328},
  year={2002},
  publisher={Elsevier}
}

@article{rogl1999mediterranean,
  title={Mediterranean and Paratethys: facts and hypotheses of an Oligocene to Miocene paleogeography: short overview},
  author={R{\"o}gl, Fred},
  journal={Geologica Carpathica: International Geological Journal},
  volume={50},
  pages={339},
  year={1999}
}

@article{duque1990neogene,
  title={Neogene stratigraphy, paleoceanography and paleobiogeography in northwest South America and the evolution of the Panama Seaway},
  author={Duque-Caro, Hermann},
  journal={Palaeogeography, Palaeoclimatology, Palaeoecology},
  volume={77},
  pages={203--234},
  year={1990},
  publisher={Elsevier}
}

@article{manzi2018onset,
  title={The onset of the Messinian salinity crisis in the deep Eastern Mediterranean basin},
  author={Manzi, Vinicio and Gennari, Rocco and Lugli, Stefano and Persico, Davide and Reghizzi, Matteo and Roveri, Marco and Schreiber, B Charlotte and Calvo, Ran and Gavrieli, Ittai and Gvirtzman, Zohar},
  journal={Terra Nova},
  volume={30},
  pages={189--198},
  year={2018},
  publisher={Wiley Online Library}
}

@article{micallef2018evidence,
  title={Evidence of the Zanclean megaflood in the eastern Mediterranean Basin},
  author={Micallef, Aaron and Camerlenghi, Angelo and Garcia-Castellanos, Daniel and Cunarro Otero, Daniel and Gutscher, Marc-Andr{\'e} and Barreca, Giovanni and Spatola, Daniele and Facchin, Lorenzo and Geletti, Riccardo and Krastel, Sebastian and others},
  journal={Scientific Reports},
  volume={8},
  pages={1078},
  year={2018},
  publisher={Nature Publishing Group UK London}
}

@article{ehlers2007extent,
  title={The extent and chronology of Cenozoic Global Glaciation},
  author={Ehlers, J{\"u}rgen and Gibbard, Philip L},
  journal={Quaternary International},
  volume={164},
  pages={6--20},
  year={2007},
  publisher={Elsevier}
}

@article{kazmin2011,
	author = {Kaz'min, V. G. and Verzhbitskii, E. V.},
	date = {2011/02/01},
	date-added = {2023-07-04 14:56:47 +0100},
	date-modified = {2023-07-04 14:56:47 +0100},
	journal = {Oceanology},
	pages = {131--140},
	title = {Age and origin of the South Caspian Basin},
	volume = {51},
	year = {2011}
}

